@manual{Chen2016,
	title  = "Finite Element Methods for Stoke's Equations",
	author = "Long Chen",
	note   = "Available from: \url{https://www.math.uci.edu/~chenlong/226/FEMStokes.pdf}",
	year   = "2016 (accessed February , 2018)"
}
@book{brenner2007mathematical,
	title={The mathematical theory of finite element methods},
	author={Brenner, Susanne and Scott, Ridgway},
	volume={15},
	year={2007},
	publisher={Springer Science \& Business Media}
}
@Article{BangerthHartmannKanschat2007,
	author =  {W. Bangerth and R. Hartmann and G. Kanschat},
	title =   {{deal.II} -- a General Purpose Object
	Oriented Finite Element Library},
	journal = {ACM Trans. Math. Softw.},
	year =    2007,
	volume =  33,
	number =  4,
	pages =   {24/1--24/27}
}
@article{chen2014simple,
	title={A simple construction of a Fortin operator for the two dimensional Taylor--Hood element},
	author={Chen, Long},
	journal={Computers \& Mathematics with Applications},
	volume={68},
	number={10},
	pages={1368--1373},
	year={2014},
	publisher={Elsevier}
}
@book{ainsworth2011posteriori,
	title={A posteriori error estimation in finite element analysis},
	author={Ainsworth, Mark and Oden, J Tinsley},
	volume={37},
	year={2011},
	publisher={John Wiley \& Sons}
}
@book{verfurth2013posteriori,
	title={A posteriori error estimation techniques for finite element methods},
	author={Verf{\"u}rth, R{\"u}diger},
	year={2013},
	publisher={OUP Oxford}
}